@misc{cmocka2025,
  title        = {cmocka: Cadre de Test Unitaire pour C},
  url          = {https://cmocka.org/},
  note         = {Consulté le: 01/07/2025}
}

@misc{github_copilot,
  author    = "GitHub Copilot",
  url       = "https://github.com/features/copilot",
  note      = "Correction orthographique assisté par IA."
}

@article{goubault2020ideal,
  title={The ideal approach to computing closed subsets in well-quasi-orderings},
  author={Goubault-Larrecq, Jean and Halfon, Simon and Karandikar, Prateek and Narayan Kumar, K and Schnoebelen, Philippe},
  journal={Well-Quasi Orders in Computation, Logic, Language and Reasoning: A Unifying Concept of Proof Theory, Automata Theory, Formal Languages and Descriptive Set Theory},
  pages={55--105},
  year={2020},
  publisher={Springer}
}


@online{openclassrooms_pyramide_tests,
  author       = {OpenClassrooms},
  title        = {Testez votre code Java pour réaliser des applications de qualité},
  url          = {https://openclassrooms.com/fr/courses/6100311-testez-votre-code-java-pour-realiser-des-applications-de-qualite/6440061-choisissez-les-bons-tests-automatises-avec-la-pyramide-de-tests},
  year         = {2025},
  note         = {Consulté le 8 janvier 2025}
}


@misc{renault2024,
  author       = {Renault, David},
  title        = {Projets 2024-25 - S5},
  year         = {2025},
  howpublished = {\url{https://www.labri.fr/perso/renault/working/teaching/projets/2024-25-S5-Bourgade.php#fn5}},
  note         = {Consulté le 10 janvier 2025}
}

@article{cosson2023breadth,
  title={Breadth-First Depth-Next: Optimal Collaborative Exploration of Trees with Low Diameter},
  author={Cosson, Romain and Massoulié, Laurent and Viennot, Laurent},
  journal={arXiv preprint arXiv:2301.13307},
  year={2023},
  url={https://arxiv.org/abs/2301.13307}
}
